<record><leader>00000cas a22000007a 4500</leader><controlfield tag="001">16132980</controlfield><controlfield tag="008">870706d18691872iauwr ne      0    0eng d</controlfield><datafield ind1=" " ind2=" " tag="010"><subfield code="a">sn 87058451 </subfield></datafield><datafield ind1=" " ind2=" " tag="040"><subfield code="a">INP</subfield><subfield code="b">eng</subfield><subfield code="c">INP</subfield><subfield code="d">OCLCQ</subfield></datafield><datafield ind1=" " ind2=" " tag="042"><subfield code="a">msc</subfield></datafield><datafield ind1="0" ind2="0" tag="245"><subfield code="a">Hampton free press.</subfield></datafield><datafield ind1=" " ind2=" " tag="260"><subfield code="a">Hampton, Franklin County, Iowa :</subfield><subfield code="b">L.B. Raymond</subfield></datafield><datafield ind1=" " ind2=" " tag="300"><subfield code="a">v.</subfield></datafield><datafield ind1=" " ind2=" " tag="310"><subfield code="a">Weekly</subfield></datafield><datafield ind1="1" ind2=" " tag="362"><subfield code="a">Began Oct. 1, 1869; ceased in Mar. 1872.</subfield></datafield><datafield ind1=" " ind2=" " tag="500"><subfield code="a">Publisher varies.</subfield></datafield><datafield ind1=" " ind2=" " tag="588"><subfield code="a">Description based on: Vol. 1, no. 38 (June 24, 1870).</subfield></datafield><datafield ind1=" " ind2=" " tag="752"><subfield code="a">United States</subfield><subfield code="b">Iowa</subfield><subfield code="c">Franklin</subfield><subfield code="d">Hampton.</subfield></datafield><datafield ind1="0" ind2="7" tag="785"><subfield code="t">Franklin reporter (Hampton, Iowa)</subfield><subfield code="w">(DLC)sn 87058450</subfield></datafield><datafield ind1="0" ind2="7" tag="785"><subfield code="t">Franklin recorder</subfield><subfield code="w">(DLC)sn 84027163</subfield></datafield></record>